


@book{goossens93,
  author    = {Michel Goossens and Frank Mittelbach and Alexander Samarin},
  title     = {The LaTeX Companion},
  publisher = {Addison-Wesley},
  address   = {Reading, Massachusetts},
  year      = {1993}
}

% ------------------------------------------------------------------------
@article{droneslevy2022,
  author  = {Max G. Levy},
  journal = {WIRED},
  title   = {Drones Have Transformed Blood Delivery in Rwanda},
  url     = {https://www.wired.com/story/drones-have-transformed-blood-delivery-in-rwanda/},
  year    = {2022},
  urldate = {2022-05-15}
}

% ------------------------------------------------------------------------
@article{solimanmei2021,
  author  = {Mohammed Soliman},
  journal = {Middle East Institute},
  title   = {Drones are re-engineering the geopolitics of the Middle East},
  url     = {https://www.mei.edu/publications/drones-are-re-engineering-geopolitics-middle-east},
  year    = {2021},
  urldate = {2022-05-15}
}

% ------------------------------------------------------------------------
@article{samaanorientxxi2022,
  author  = {Jean-Loup Samaan},
  journal = {Orient XXI},
  title   = {The Proliferation of Drones in the Middle East Has Done Nothing to Change the Strategic Order There},
  url     = {https://orientxxi.info/magazine/the-proliferation-of-drones-in-the-middle-east-has-done-nothing-to-change-the,5393},
  year    = {2022},
  urldate = {2022-05-15}
}

% ------------------------------------------------------------------------
@article{vasileprisacariujdrm2017,
  abstract = {Unpiloted machines have known an upstanding dependent evolution since those times. The development of UAV produced a change in the concepts regarding the architecture and operations through the evolution of their characteristics and capabilities. Thus, they generated continuous construction designs and a wide range of domains in which UAV’s can be used.},
  author   = {Vasile PRISACARIU},
  issn     = {2068-9403},
  issue    = {1},
  journal  = {JOURNAL OF DEFENSE RESOURCES MANAGEMENT},
  month    = {4},
  pages    = {181-189},
  title    = {THE HISTORY AND THE EVOLUTION OF UAVs FROM THE BEGINNING TILL THE 70s – DOAJ},
  volume   = {8},
  url      = {https://doaj.org/article/7644116bc43d48a9ab450a50196b179a},
  year     = {2017}
}

% ------------------------------------------------------------------------
@article{whoafricarw2020,
  abstract = {During the first phase of lockdown that started on 21 March in Rwanda, the Government of Rwanda observed that some of the densely populated neighbourhoods and high-risk zones were not respecting very well COVID-19 preventive measures as it was difficult to reach them by prevention awareness messages. },
  author   = {WHO Africa},
  journal  = {World Health Organization},
  month    = {7},
  title    = {COVID-19 response in Rwanda: Use of Drones in Community awareness | WHO | Regional Office for Africa},
  url      = {https://www.afro.who.int/news/covid-19-response-rwanda-use-drones-community-awareness},
  year     = {2020}
}
